 
@book{Oppenheim:2009:DSP:1795494,
 author = {Oppenheim, Alan V. and Schafer, Ronald W.},
 title = {Discrete-Time Signal Processing},
 year = {2009},
 isbn = {0131988425, 9780131988422},
 edition = {3rd},
 publisher = {Prentice Hall Press},
 address = {Upper Saddle River, NJ, USA},
} 